<?xml version="1.0" encoding="UTF-8"?><collection xmlns="http://www.loc.gov/MARC21/slim"><record><leader>00515nam--2200193-i-4500</leader><controlfield tag="001">000033919</controlfield><controlfield tag="002">20161230</controlfield><controlfield tag="005">20161230201039</controlfield><controlfield tag="008">060222s1000------------r-----000-0-ger-d</controlfield><datafield ind1=" " ind2=" " tag="040"><subfield code="a">IFIN-HH</subfield></datafield><datafield ind1=" " ind2=" " tag="041"><subfield code="a">ger</subfield></datafield><datafield ind1=" " ind2=" " tag="080"><subfield code="a">53(023)</subfield></datafield><datafield ind1="1" ind2=" " tag="100"><subfield code="a">Mende, Dietmar</subfield></datafield><datafield ind1="1" ind2="0" tag="245"><subfield code="a">Physik. gleichungen und tabellen.2., verbesserte auflage</subfield><subfield code="c">Dietmar mende, gunter simon</subfield></datafield><datafield ind1=" " ind2=" " tag="260"><subfield code="a">Leipzig</subfield><subfield code="b">Veb Fachbuchverlag</subfield><subfield code="c">1969</subfield></datafield><datafield ind1=" " ind2=" " tag="300"><subfield code="a">381P</subfield></datafield><datafield ind1="1" ind2=" " tag="700"><subfield code="a">Simon, Gunter</subfield></datafield><datafield ind1=" " ind2=" " tag="852"><subfield code="a">77284</subfield><subfield code="c">53</subfield></datafield><datafield ind1=" " ind2=" " tag="CAT"><subfield code="a">Sys</subfield><subfield code="c">20150813</subfield><subfield code="h">144932</subfield></datafield></record></collection>